%%%%%%%%%%%% Citation Examples (Reference) %%%%%%%%%%%%

@inproceedings{JJ92,
    author = "J. Jiang and S. Jones",
    title = "Word-based dynamic algorithms for data compression",
    booktitle = "Communications, Speech and Vision",
    pages = "582--586",
    volume = "139",
    year = "1992",
    month = "December"
}

@inproceedings{HC92,
    author = "R. Nigel Horspool and Gordon V. Cormack",
    title = "Constructing Word-Based Text Compression Algorithms",
    booktitle = "Data Compression Conference",
    pages = "62--71",
    year = "1992"
}

@ARTICLE{LZ77,
	AUTHOR       = "Jacob Ziv and Abraham Lempel",
	TITLE        = "A Universal Algorithm for Sequential Data Compression",
	JOURNAL      = "IEEE Transactions on Information Theory",
	YEAR         = "1977",
	VOLUME       = "23",
	NUMBER       = "3",
	PAGES        = "337--343",
	MONTH        = "May",
	NOTE         = ""
}

@ARTICLE{SS82,
	AUTHOR = "James A. Storer and Thomas G. Szymanski",
	TITLE = "Data compression via textual substitution",
	JOURNAL = "J. ACM",
	YEAR = "1982",
	VOLUME = "29",
	NUMBER = "4",
	PAGES = "928--951",
	PUBLISHER = "ACM",
	ADDRESS = "New York, NY, USA"
}

@ARTICLE{LZ78,
    AUTHOR = "Jacob Ziv and Abraham Lempel",
    TITLE = "Compression of Individual Sequences via Variable-Rate Coding",
    JOURNAL = "IEEE Transactions on Information Theory",
    YEAR = "1978",
    VOLUME = "24",
    NUMBER = "5",
    PAGES = "530--536",
    MONTH = "September"
}

@ARTICLE{LZW84,
    AUTHOR = {T. A. Welch},
    TITLE = {A Technique for High-Performance Data Compression},
    JOURNAL = {Computer},
    VOLUME = {17},
    NUMBER = {6},
    YEAR = {1984},
    PAGES= {8--19},
    PUBLISHER = {IEEE Computer Society Press},
    ADDRESS = {Los Alamitos, CA, USA}
}

@ARTICLE{HLLW72,
  AUTHOR    = {Wilbur D. Hagamen and
              David J. Linden and
              Harvey S. Long and
              John C. Weber},
  TITLE     = {Encoding Verbal Information as Unique Numbers},
  JOURNAL   = {IBM Systems Journal},
  VOLUME    = {11},
  NUMBER    = {4},
  YEAR      = {1972},
  PAGES     = {278--315}
}

@article{Sh48,
	title = {A Mathematical Theory of Communication},
	author = {C. E. Shannon},
	journal = {The Bell System Technical Journal},
	month = {July, October},
	pages = {379--423, 623--656},
	volume = {27},
	year = {1948}
}

@article{BS86,
 author = {Jon Louis Bentley and Daniel D. Sleator and Robert E. Tarjan and Victor K. Wei},
 title = {A locally adaptive data compression scheme},
 journal = {Communications ACM},
 volume = {29},
 number = {4},
 year = {1986},
 pages = {320--330},
 publisher = {ACM},
 address = {New York, NY, USA}
}

@INPROCEEDINGS{HC84,
	AUTHOR       = {R. Nigel Horspool and Gordon V. Cormack},
	TITLE        = {A general purpose data compression technique with practical applications},
	BOOKTITLE    = {Proceedings of the CIPS Session 84},
	YEAR         = {1984},
	PAGES        = {138--141}
}

@ARTICLE{Ry80,
	AUTHOR       = {Boris Ya. Ryabko},
	TITLE        = {Data compression by means of a `book stack'},
	JOURNAL      = {Problems Information Transmission},
	YEAR         = {1980},
	VOLUME       = {16},
	NUMBER       = {4},
	PAGES        = {265--269}
}

@BOOK{BCW90,
 AUTHOR		="T. C. Bell and 
              J. G. Cleary and 
              I. H. Witten",
 TITLE		="Text compression",
 ADDRESS		="Englewood Cliffs",
 PUBLISHER	="Prentice Hall",
 YEAR			="1990"
}

@inproceedings{AB97,
 author = {Ross Arnold and Tim Bell},
 title = {A Corpus for the Evaluation of Lossless Compression Algorithms},
 booktitle = {DCC '97: Proceedings of the  Conference on Data Compression},
 year = {1997},
 pages = {201},
 publisher = {IEEE Computer Society},
 address = {Washington, DC, USA},
}

@misc{Po01,
author = {Matt Powel},
title = "The Canterbury Corpus {[online]}",
url = {http://corpus.canterbury.ac.nz/index.html},
type = {web page},
month = {{November}},
year = {{2001}},
note = "[Cited 2011-10-12]"
}

@inproceedings{Mo98,
 author    = {Alistair Moffat},
 title     = {Arithmetic coding revisited},
 booktitle = {ACM Trans. on Inf. Systems Vol 16},
 year      = {July 1998},
 pages     = {256-294}
}

@inproceedings{Br03,
 author    = {N. Brisaboa},
 title     = {An efficient compression code for text databases},
 booktitle = {25th European Conference on IR Research (ECIR 2003)},
 year      = {2003},
 pages     = {468-481}
}

%%%%%%%%%%%% Actual Citations %%%%%%%%%%%%

@article{mobilenets,
  title={Mobilenets: Efficient convolutional neural networks for mobile vision applications},
  author={Howard, Andrew G and Zhu, Menglong and Chen, Bo and Kalenichenko, Dmitry and Wang, Weijun and Weyand, Tobias and Andreetto, Marco and Adam, Hartwig},
  journal={arXiv preprint arXiv:1704.04861},
  year={2017}
}

@article{tfjs,
      title={TensorFlow.js: Machine Learning for the Web and Beyond}, 
      author={Daniel Smilkov and Nikhil Thorat and Yannick Assogba and Ann Yuan and Nick Kreeger and Ping Yu and Kangyi Zhang and Shanqing Cai and Eric Nielsen and David Soergel and Stan Bileschi and Michael Terry and Charles Nicholson and Sandeep N. Gupta and Sarah Sirajuddin and D. Sculley and Rajat Monga and Greg Corrado and Fernanda B. Viégas and Martin Wattenberg},
      year={2019},
      journal={arXiv preprint arXiv:1901.05350}
}


@article{edgecomputing,
  title={Edge computing: Vision and challenges},
  author={Shi, Weisong and Cao, Jie and Zhang, Quan and Li, Youhuizi and Xu, Lanyu},
  journal={IEEE internet of things journal},
  volume={3},
  number={5},
  pages={637--646},
  year={2016},
  publisher={IEEE}
}

@book{modernApproach,
    author={Stuart Russell and Peter Norvig},
    year={2020},
    title={Artificial Intelligence: A Modern Approach},
    publisher={Pearson},
    edition={4th},
    isbn={9780134610993},
    language={English}
}

@misc{cs231n,
  author={Andrej Karpathy},
  title = {CS231n: Convolutional Neural Networks for Visual Recognition {[online]}},
  howpublished = {\url{https://cs231n.github.io/}},
  year = {2020},
  note = {Accessed: {2021–03-26}}
}

@article{hornik,
  title={Multilayer feedforward networks are universal approximators},
  author={Hornik, Kurt and Stinchcombe, Maxwell and White, Halbert},
  journal={Neural networks},
  volume={2},
  number={5},
  pages={359--366},
  year={1989},
  publisher={Elsevier}
}


@article{bengio2007scaling,
  title={Scaling learning algorithms towards AI},
  author={Bengio, Yoshua and LeCun, Yann and others},
  journal={Large-scale kernel machines},
  volume={34},
  number={5},
  pages={1--41},
  year={2007}
}

@inproceedings{yolo,
  title={You only look once: Unified, real-time object detection},
  author={Redmon, Joseph and Divvala, Santosh and Girshick, Ross and Farhadi, Ali},
  booktitle={Proceedings of the IEEE conference on computer vision and pattern recognition},
  pages={779--788},
  year={2016}
}

@article{werbos1990backpropagation,
  title={Backpropagation through time: what it does and how to do it},
  author={Werbos, Paul J},
  journal={Proceedings of the IEEE},
  volume={78},
  number={10},
  pages={1550--1560},
  year={1990},
  publisher={IEEE}
}

@book{Goodfellow-et-al-2016,
    title={Deep Learning},
    author={Ian Goodfellow and Yoshua Bengio and Aaron Courville},
    publisher={MIT Press},
    note={\url{https://www.deeplearningbook.org}},
    year={2016}
}

@misc{labbe2014,
  author = {Labbe, Roger},
  title = {Kalman and Bayesian Filters in Python {[online]}},
  year = {2014},
  publisher = {GitHub},
  journal = {GitHub repository},
  howpublished = {\url{https://github.com/rlabbe/Kalman-and-Bayesian-Filters-in-Python}},
  note={[Commit hash 24b9fb3cf756b3c765579decd624132efe7be374]}
}

@misc{mot_with_rnn,
      title={Online Multi-Target Tracking Using Recurrent Neural Networks}, 
      author={Anton Milan and Seyed Hamid Rezatofighi and Anthony Dick and Ian Reid and Konrad Schindler},
      year={2016},
      eprint={1604.03635},
      archivePrefix={arXiv},
      primaryClass={cs.CV}
}

@InProceedings{tracktor_2019_ICCV,
  author = {Bergmann, Philipp and Meinhardt, Tim and Leal{-}Taix{\'{e}}, Laura},
  title = {Tracking Without Bells and Whistles},
  booktitle = {The IEEE International Conference on Computer Vision (ICCV)},
  pages={941--951},
  year = {2019}
}

@inproceedings{mot_and_segmentation,
  title={Mots: Multi-object tracking and segmentation},
  author={Voigtlaender, Paul and Krause, Michael and Osep, Aljosa and Luiten, Jonathon and Sekar, Berin Balachandar Gnana and Geiger, Andreas and Leibe, Bastian},
  booktitle={Proceedings of the IEEE/CVF Conference on Computer Vision and Pattern Recognition},
  pages={7942--7951},
  year={2019}
}

@misc{mot_with_longterm,
      title={Tracking The Untrackable: Learning To Track Multiple Cues with Long-Term Dependencies}, 
      author={Amir Sadeghian and Alexandre Alahi and Silvio Savarese},
      year={2017},
      eprint={1701.01909},
      archivePrefix={arXiv},
      primaryClass={cs.CV}
}

@misc{trackingTheTrackers,
      title={Tracking the Trackers: An Analysis of the State of the Art in Multiple Object Tracking}, 
      author={Laura Leal-Taixé and Anton Milan and Konrad Schindler and Daniel Cremers and Ian Reid and Stefan Roth},
      year={2017},
      eprint={1704.02781},
      archivePrefix={arXiv},
      primaryClass={cs.CV}
}

@article{wang2019towards,
  title={Towards real-time multi-object tracking},
  author={Wang, Zhongdao and Zheng, Liang and Liu, Yixuan and Wang, Shengjin},
  journal={arXiv preprint arXiv:1909.12605},
  volume={2},
  number={3},
  pages={4},
  year={2019},
  publisher={Springer}
}

@article{MOT16,
  title={MOT16: A Benchmark for Multi-Object Tracking}, 
  author={Milan, Anton and Leal-Taix{\'e}, Laura and Reid, Ian and Roth, Stefan and Schindler, Konrad},
  journal={arXiv preprint arXiv:1603.00831},
  year={2016}
}

@article{MOT19_CVPR,
	title = {{CVPR19} Tracking and Detection Challenge: {H}ow crowded can it get?},
	shorttitle = {MOT19},
	url = {http://arxiv.org/abs/1906.04567},
	journal = {arXiv:1906.04567 [cs]},
	author = {Dendorfer, P. and Rezatofighi, H. and Milan, A. and Shi, J. and Cremers, D. and Reid, I. and Roth, S. and Schindler, K. and Leal-Taix\'{e}, L. },
	month = jun,
	year = {2019},
	note = {arXiv: 1906.04567},
	keywords = {Computer Science - Computer Vision and Pattern Recognition}
}

@article{ren2015fasterRCNN,
  title={Faster r-cnn: Towards real-time object detection with region proposal networks},
  author={Ren, Shaoqing and He, Kaiming and Girshick, Ross and Sun, Jian},
  journal={arXiv preprint arXiv:1506.01497},
  year={2015}
}

@inproceedings{Wojke2017_DeepSORT,
  title={Simple Online and Realtime Tracking with a Deep Association Metric},
  author={Wojke, Nicolai and Bewley, Alex and Paulus, Dietrich},
  booktitle={2017 IEEE International Conference on Image Processing (ICIP)},
  year={2017},
  pages={3645--3649},
  organization={IEEE},
  doi={10.1109/ICIP.2017.8296962}
}

@inproceedings{Wojke2018deepCosine,
  title={Deep Cosine Metric Learning for Person Re-identification},
  author={Wojke, Nicolai and Bewley, Alex},
  booktitle={2018 IEEE Winter Conference on Applications of Computer Vision (WACV)},
  year={2018},
  pages={748--756},
  organization={IEEE},
  doi={10.1109/WACV.2018.00087}
}

@misc{yukai_yang_2020_4294717,
 author       = {Yukai Yang},
 title        = {{FastMOT: High-Performance Multiple Object Tracking 
                  Based on YOLO, Deep SORT, and Optical Flow}},
 month        = nov,
 year         = 2020,
 publisher    = {Zenodo},
 version      = {v1.0.0},
 doi          = {10.5281/zenodo.4294717},
 url          = {https://doi.org/10.5281/zenodo.4294717}
}

@article{zhang2020fair,
  title={FairMOT: On the Fairness of Detection and Re-Identification in Multiple Object Tracking},
  author={Zhang, Yifu and Wang, Chunyu and Wang, Xinggang and Zeng, Wenjun and Liu, Wenyu},
  journal={arXiv preprint arXiv:2004.01888},
  year={2020}
}

@article{Bewley_2016_SORT,
   title={Simple online and realtime tracking},
   ISBN={9781467399616},
   url={http://dx.doi.org/10.1109/ICIP.2016.7533003},
   DOI={10.1109/icip.2016.7533003},
   journal={2016 IEEE International Conference on Image Processing (ICIP)},
   publisher={IEEE},
   author={Bewley, Alex and Ge, Zongyuan and Ott, Lionel and Ramos, Fabio and Upcroft, Ben},
   year={2016},
   month={Sep}
}

@inproceedings{bochinski2017high_IOUtracking,
  title={High-speed tracking-by-detection without using image information},
  author={Bochinski, Erik and Eiselein, Volker and Sikora, Thomas},
  booktitle={2017 14th IEEE International Conference on Advanced Video and Signal Based Surveillance (AVSS)},
  pages={1--6},
  year={2017},
  organization={IEEE}
}

@article{redmon2018yolov3,
  title={Yolov3: An incremental improvement},
  author={Redmon, Joseph and Farhadi, Ali},
  journal={arXiv preprint arXiv:1804.02767},
  year={2018}
}


@article{bochkovskiy2020yolov4,
  title={Yolov4: Optimal speed and accuracy of object detection},
  author={Bochkovskiy, Alexey and Wang, Chien-Yao and Liao, Hong-Yuan Mark},
  journal={arXiv preprint arXiv:2004.10934},
  year={2020}
}

@article{shao2018crowdhuman,
  title={Crowdhuman: A benchmark for detecting human in a crowd},
  author={Shao, Shuai and Zhao, Zijian and Li, Boxun and Xiao, Tete and Yu, Gang and Zhang, Xiangyu and Sun, Jian},
  journal={arXiv preprint arXiv:1805.00123},
  year={2018}
}

@misc{osnet,
      title={Omni-Scale Feature Learning for Person Re-Identification}, 
      author={Kaiyang Zhou and Yongxin Yang and Andrea Cavallaro and Tao Xiang},
      year={2019},
      eprint={1905.00953},
      archivePrefix={arXiv},
      primaryClass={cs.CV}
}

@article{kuhn1955hungarian,
  title={The Hungarian method for the assignment problem},
  author={Kuhn, Harold W},
  journal={Naval research logistics quarterly},
  volume={2},
  number={1-2},
  pages={83--97},
  year={1955},
  publisher={Wiley Online Library}
}

@article{bernardin2008evaluating_Clear_mot_metrics,
  title={Evaluating multiple object tracking performance: the clear mot metrics},
  author={Bernardin, Keni and Stiefelhagen, Rainer},
  journal={EURASIP Journal on Image and Video Processing},
  volume={2008},
  pages={1--10},
  year={2008},
  publisher={Springer}
}

@misc{schulzrinne1998real_rtsp,
  title={Real time streaming protocol (RTSP)},
  author={Schulzrinne, Henning and Rao, Anup and Lanphier, Robert},
  year={1998},
  publisher={rfc 2326, April}
}

@inproceedings{yang2018ssr,
  title={SSR-Net: A Compact Soft Stagewise Regression Network for Age Estimation.},
  author={Yang, Tsun-Yi and Huang, Yi-Hsuan and Lin, Yen-Yu and Hsiu, Pi-Cheng and Chuang, Yung-Yu},
  booktitle={IJCAI},
  volume={5(6)},
  pages={7},
  year={2018}
}

@inproceedings{levi2015age,
  title={Age and gender classification using convolutional neural networks},
  author={Levi, Gil and Hassner, Tal},
  booktitle={Proceedings of the IEEE conference on computer vision and pattern recognition workshops},
  month={June},
  pages={34--42},
  year={2015},
  howpublished={\url{https://osnathassner.github.io/talhassner/projects/cnn_agegender}},
  URL={https://osnathassner.github.io/talhassner/projects/cnn_agegender}
}

@inproceedings{karkkainenfairface,
  title={FairFace: Face Attribute Dataset for Balanced Race, Gender, and Age for Bias Measurement and Mitigation},
  author={Karkkainen, Kimmo and Joo, Jungseock},
  booktitle={Proceedings of the IEEE/CVF Winter Conference on Applications of Computer Vision},
  year={2021},
  pages={1548--1558}
}

@misc{yukai_yang_2020_4294717_fastmot,
 author       = {Yukai Yang},
 title        = {{FastMOT: High-Performance Multiple Object Tracking 
                  Based on YOLO, Deep SORT, and Optical Flow}},
 month        = nov,
 year         = 2020,
 publisher    = {Zenodo},
 version      = {v1.0.0},
 doi          = {10.5281/zenodo.4294717},
 url          = {https://doi.org/10.5281/zenodo.4294717}
}

@manual{axis_fa1105,
    organization  = "Axis Communications",
    title         = "AXIS FA1105 Sensor Unit",
    number        = "T10089337/EN/M10.2/2010",
    year          =  2010,
    language = {English},
    url          = {https://www.axis.com/files/datasheet/ds_fa1105_t10089337_en_2010.pdf}
}

@misc{cvat,
  author       = {Boris Sekachev and
                  Nikita Manovich and
                  Maxim Zhiltsov and
                  Andrey Zhavoronkov and
                  Dmitry Kalinin and
                  Ben Hoff and
                  TOsmanov and
                  Dmitry Kruchinin and
                  Artyom Zankevich and
                  DmitriySidnev and
                  Maksim Markelov and
                  Johannes222 and
                  Mathis Chenuet and
                  a-andre and
                  telenachos and
                  Aleksandr Melnikov and
                  Jijoong Kim and
                  Liron Ilouz and
                  Nikita Glazov and
                  Priya4607 and
                  Rush Tehrani and
                  Seungwon Jeong and
                  Vladimir Skubriev and
                  Sebastian Yonekura and
                  vugia truong and
                  zliang7 and
                  lizhming and
                  Tritin Truong},
  title        = {opencv/cvat: v1.1.0},
  month        = aug,
  year         = 2020,
  publisher    = {Zenodo},
  version      = {v1.1.0},
  doi          = {10.5281/zenodo.4009388},
  url          = {https://doi.org/10.5281/zenodo.4009388}
}

@misc{jetson, 
    title={Jetson Xavier NX Technical Specification {[online]}}, 
    url={https://developer.nvidia.com/embedded/jetson-xavier-nx}, 
    urldate = {2021-04-14}, 
    publisher={NVIDIA},
    author={NVIDIA},
    note={[Accesed 21-04-14]}
} 

@misc{blalock2020stateOfPruning,
      title={What is the State of Neural Network Pruning?}, 
      author={Davis Blalock and Jose Javier Gonzalez Ortiz and Jonathan Frankle and John Guttag},
      year={2020},
      eprint={2003.03033},
      archivePrefix={arXiv},
      primaryClass={cs.LG}
}

@misc{vanholder2016efficientTensorRT,
  title={Efficient inference with TensorRT {[online]}},
  author={Vanholder, Han},
  year={2016},
  url={https://on-demand.gputechconf.com/gtc-eu/2017/presentation/23425-han-vanholder-efficient-inference-with-tensorrt.pdf},
  note={[Accesed 21-04-14]}
}

@InProceedings{Molchanov_2019_CVPR_improtanceEstimationForPruning,
    author = {Molchanov, Pavlo and Mallya, Arun and Tyree, Stephen and Frosio, Iuri and Kautz, Jan},
    title = {Importance Estimation for Neural Network Pruning},
    booktitle = {Proceedings of the IEEE/CVF Conference on Computer Vision and Pattern Recognition (CVPR)},
    pages={11264--11272},
    year = {2019}
}

@misc{peoplenet,
    title={PeopleNet {[online]}},
    author={NVIDIA},
    url={https://ngc.nvidia.com/catalog/models/nvidia:tlt_peoplenet}, 
    urldate = {2021-04-14}, 
    note={[Accesed 21-04-14]}
}

@inproceedings{wei2018person_msmt17,
  title={Person transfer gan to bridge domain gap for person re-identification},
  author={Wei, Longhui and Zhang, Shiliang and Gao, Wen and Tian, Qi},
  booktitle={Proceedings of the IEEE conference on computer vision and pattern recognition},
  pages={79--88},
  year={2018}
}

@article{bourgeois1971extension_munkers,
  title={An extension of the Munkres algorithm for the assignment problem to rectangular matrices},
  author={Bourgeois, Francois and Lassalle, Jean-Claude},
  journal={Communications of the ACM},
  volume={14},
  number={12},
  pages={802--804},
  year={1971},
  publisher={ACM New York, NY, USA}
}

@inproceedings{pavlakos2019expressiveBody,
  title={Expressive body capture: 3d hands, face, and body from a single image},
  author={Pavlakos, Georgios and Choutas, Vasileios and Ghorbani, Nima and Bolkart, Timo and Osman, Ahmed AA and Tzionas, Dimitrios and Black, Michael J},
  booktitle={Proceedings of the IEEE/CVF Conference on Computer Vision and Pattern Recognition},
  pages={10975--10985},
  year={2019}
}

@book{appliedKalman,
  title={Introduction to Random Signals and Applied Kalman Filtering},
  author={Robert Grover Brown and Patrick YC Hwang},
  year={2012},
  publisher={Wiley and Sons},
  pages={143-147},
  edition={4}
}

@inproceedings{szegedy2015going_googlenet,
  title={Going deeper with convolutions},
  author={Szegedy, Christian and Liu, Wei and Jia, Yangqing and Sermanet, Pierre and Reed, Scott and Anguelov, Dragomir and Erhan, Dumitru and Vanhoucke, Vincent and Rabinovich, Andrew},
  booktitle={Proceedings of the IEEE conference on computer vision and pattern recognition},
  pages={1--9},
  year={2015}
}

@inproceedings{bulat2017far_face_alignment,
  title={How far are we from solving the 2D \& 3D Face Alignment problem? (and a dataset of 230,000 3D facial landmarks)},
  author={Bulat, Adrian and Tzimiropoulos, Georgios},
  booktitle={Proceedings of the IEEE International Conference on Computer Vision},
  pages={1021--1030},
  year={2017}
}

@misc{onnxruntime,
    title={ONNX Runtime {[online]}},
    author={Microsoft},
    url={https://github.com/microsoft/onnxruntime}, 
    urldate = {2021-04-29}, 
    note={[Accesed 21-04-29]}
}

@article{huang2016unsupervised_megaage,
  title={Quantifying Facial Age by Posterior of Age Comparisons},
  author={Zhang, Yunxuan and Liu, Li and Li, Cheng and others},
  journal={arXiv e-prints},
  pages={arXiv--1708},
  year={2017}
}
 
@inproceedings{ioffe2015batch_inception,
  title={Batch normalization: Accelerating deep network training by reducing internal covariate shift},
  author={Ioffe, Sergey and Szegedy, Christian},
  booktitle={International conference on machine learning},
  pages={448--456},
  year={2015},
  organization={PMLR}
}

@inproceedings{liu2016ssd,
  title={Ssd: Single shot multibox detector},
  author={Liu, Wei and Anguelov, Dragomir and Erhan, Dumitru and Szegedy, Christian and Reed, Scott and Fu, Cheng-Yang and Berg, Alexander C},
  booktitle={European conference on computer vision},
  pages={21--37},
  year={2016},
  organization={Springer}
}

@inproceedings{lin2014microsoft_coco,
  title={Microsoft coco: Common objects in context},
  author={Lin, Tsung-Yi and Maire, Michael and Belongie, Serge and Hays, James and Perona, Pietro and Ramanan, Deva and Doll{\'a}r, Piotr and Zitnick, C Lawrence},
  booktitle={European conference on computer vision},
  pages={740--755},
  year={2014},
  organization={Springer}
}
